@inproceedings{Gionis1999,
 author = {Gionis, Aristides and Indyk, Piotr and Motwani, Rajeev},
 title = {Similarity Search in High Dimensions via Hashing},
 booktitle = {Proceedings of the 25th International Conference on Very Large Data Bases},
 series = {VLDB '99},
 year = {1999},
 pages = {518--529},
 numpages = {12},
 publisher = {Morgan Kaufmann Publishers Inc.}
}

@book{Manning2008,
 author = {Manning, Christopher D. and Raghavan, Prabhakar and Sch\"{u}tze, Hinrich},
 title = {Introduction to Information Retrieval},
 year = {2008},
 publisher = {Cambridge University Press}
} 